% Encoding: UTF-8

@Unpublished{light_quantum,
  author = {Herbert Looser},
  title  = {{A 8 - Lichtquanten}},
  note   = {Hochschule f√ºr Technik FHNW},
  month  = apr,
  year   = {2014},
}

@Misc{planck_constant,
  author = {Wikipedia},
  title  = {{Planck constant}},
  year   = {2019},
  url    = {https://en.wikipedia.org/wiki/Planck_constant},
}

@Misc{wave_particle_duality,
  author = {Wikipedia},
  title  = {{Wave-particle duality}},
  year   = {2019},
  url    = {https://en.wikipedia.org/wiki/Wave%E2%80%93particle_duality},
}

@Misc{led,
  author = {Wikipedia},
  title  = {{Light-emitting diode physics}},
  year   = {2019},
  url    = {https://en.wikipedia.org/wiki/Light-emitting_diode_physics},
}

@Misc{mercury-vapor_lamp_picture,
  author = {Wikipedia},
  title  = {{Quecksilberdampflampe}},
  year   = {2019},
  url    = {https://de.wikipedia.org/wiki/Quecksilberdampflampe},
}

@Misc{mercury-vapor_lamp,
  author = {Wikipedia},
  title  = {{Mercury-vapor lamp}},
  year   = {2019},
  url    = {https://en.wikipedia.org/wiki/Mercury-vapor_lamp},
}

@Misc{spectrometer,
  author = {Ocean Optics},
  title  = {{HR4000CG-UV-NIR Spectrometer}},
  year   = {2016},
  url    = {https://www.oceanoptics.com/wp-content/uploads/hr4000.pdf},
}

@Misc{multimeter,
  author = {Keithley},
  title  = {{2000 Multimeter}},
  year   = {2017},
  url    = {https://www.tek.com/tektronix-and-keithley-digital-multimeter/keithley-2000-series-6%C2%BD-digit-multimeter-scanning},
}

@Misc{electrometer,
  author = {Keithley},
  title  = {{Model 617 Electrometer}},
  year   = {1984},
  url    = {https://www.univie.ac.at/photovoltaik/umwelt/ws2015/K617_original.pdf},
}

@Misc{oscilloscope,
  author = {LeCroy},
  title  = {{WaveRunner 6000A series Oscilloscopes}},
  year   = {2007},
  url    = {https://cdn.teledynelecroy.com/files/manuals/wr6a-om-e_rev_g.pdf},
}

@Comment{jabref-meta: databaseType:bibtex;}
