% Encoding: UTF-8

@Unpublished{interference,
  author = {Herbert Looser},
  title  = {{O 9 - Interference and Diffraction}},
  note   = {Hochschule f체r Technik FHNW},
  month  = jun,
  year   = {2014},
}

@Unpublished{diffraction,
  author = {Herberto Looser},
  title  = {{Theorie Diffraction}},
  note   = {Hochschule f체r Technik FHNW},
  month  = may,
  year   = {2011},
}

@Misc{uni_hamburg,
  author = {{Institut f체r angewandte Physik}},
  title  = {{Beugung an Spalt und Gitter}},
  year   = {2017},
  note   = {{Universit채t Hamburg}},
  url    = {https://www.physnet.uni-hamburg.de/TUHH/Versuchsanleitung/Beugung_am_Spalt.pdf},
}

@Comment{jabref-meta: databaseType:bibtex;}
