% Encoding: UTF-8

@Unpublished{ultrasound,
  author = {Herbert Looser},
  title  = {{W 12 - Ultraschall}},
  note   = {Hochschule für Technik FHNW},
  month  = jun,
  year   = {2014},
}

@Misc{waves,
  author = {Jennifer Burg and Jason Romney and Eric Schwartz},
  title  = {{Longitudinal and Transverse Waves}},
  year   = {2014},
  note   = {{Digital Sound & Music}},
  url    = {http://digitalsoundandmusic.com/2-1-3-longitudinal-and-transverse-waves/},
}

@Misc{kohlrausch,
  author = {Weil, K. G.},
  title  = {F. Kohlrausch: Praktische Physik.},
  year   = {1968},
  note   = {Berichte der Bunsengesellschaft für physikalische Chemie},
  url    = {https://onlinelibrary.wiley.com/doi/abs/10.1002/bbpc.19680720838},
}

@Comment{jabref-meta: databaseType:bibtex;}
