% Encoding: UTF-8

@TechReport{test,
  author      = {Herbert Looser},
  title       = {{Magnetische Felder}},
  institution = {Hochschule für Technik FHNW},
  year        = {2014},
  month       = dec,
}

@Unpublished{magnetic_fields,
  author = {Herbert Looser},
  title  = {{E 6 Magnetische Felder}},
  note   = {Hochschule für Technik FHNW},
  month  = dec,
  year   = {2014},
}

@Comment{jabref-meta: databaseType:bibtex;}
